@book{AI,
  author = {S. Russell, P. Norvig},
  year = {2003},
  title = {Artificial Intelligence: A Modern Approach},
  publisher = {Ed. Prentice Hal},
  edition = {2}
}

@book{ML,
  author = {C. Bishop},
  year = {2006},
  title = {Pattern Recognition and Machine Learning},
  publisher = {Springer-Verlag New York, Inc}
}